@article{cockburn,
  Author = {Alistair Cockburn},
  Title = {Selectin a Project's Methology},
  Year = {2000},
  Address = {IEEE Software},
 }

@article{Ferrari,
  Author = {Remo Ferrari and Joy Beatty},
  Title = {How to Evaluate and Select a Requirements Management Tool},
  Year = {2011},
  Address = {Seilevel Whitepaper},
}